 @UNPUBLISHED {tekronix,
    author = "Tektronix",
    title  = "Measurement Products Catalog 1998/1999",
    month  = "aug",
    year   = "1998"
}